
@article{S5Year1,
      author         = "Abbott, B.P. and others",
      title          = "{Search for Gravitational Waves from Low Mass Binary
                        Coalescences in the First Year of LIGO's S5 Data}",
      collaboration  = "LIGO Scientific Collaboration",
      journal        = "Phys. Rev.",
      volume         = "D79",
      pages          = "122001",
      doi            = "10.1103/PhysRevD.79.122001",
      year           = "2009",
      eprint         = "0901.0302",
      archivePrefix  = "arXiv",
      reportNumber   = "LIGO-P080095-04-Z",
      SLACcitation   = "%%CITATION = ARXIV:0901.0302;%%",
}

@article{Biswas:2012tv,
      author         = "Biswas, Rahul and Brady, Patrick R. and Burguet-Castell,
                        Jordi and Cannon, Kipp and Clayton, Jessica and others",
      title          = "{Likelihood-ratio ranking of gravitational-wave
                        candidates in a non-Gaussian background}",
      journal        = "Phys. Rev.",
      volume         = "D85",
      pages          = "122008",
      doi            = "10.1103/PhysRevD.85.122008",
      year           = "2012",
      eprint         = "1201.2959",
      archivePrefix  = "arXiv",
      SLACcitation   = "%%CITATION = ARXIV:1201.2959;%%",
}

@article{Allen:2002jw,
      author         = "Allen, Bruce and Creighton, Jolien D.E. and Flanagan,
                        Eanna E. and Romano, Joseph D.",
      title          = "{Robust statistics for deterministic and stochastic
                        gravitational waves in nonGaussian noise. 2. Bayesian
                        analyses}",
      journal        = "Phys. Rev.",
      volume         = "D67",
      pages          = "122002",
      doi            = "10.1103/PhysRevD.67.122002",
      year           = "2003",
      eprint         = "gr-qc/0205015",
      archivePrefix  = "arXiv",
      SLACcitation   = "%%CITATION = GR-QC/0205015;%%",
}

@article{Littenberg2010,
      author         = "Littenberg, Tyson B. and Cornish, Neil J.",
      title          = "{Separating Gravitational Wave Signals from Instrument
                        Artifacts}",
      journal        = "Phys. Rev.",
      volume         = "D82",
      pages          = "103007",
      doi            = "10.1103/PhysRevD.82.103007",
      year           = "2010",
      eprint         = "1008.1577",
      archivePrefix  = "arXiv",
      SLACcitation   = "%%CITATION = ARXIV:1008.1577;%%",
}

@article{FindChirp,
  title = {FINDCHIRP: An algorithm for detection of gravitational waves from inspiraling compact binaries},
  author = {Allen, Bruce and Anderson, Warren G. and Brady, Patrick R. and Brown, Duncan A. and Creighton, Jolien D. E.},
  journal = {Phys. Rev. D},
  volume = {85},
  issue = {12},
  pages = {122006},
  numpages = {19},
  year = {2012},
  month = {Jun},
  doi = {10.1103/PhysRevD.85.122006},
  url = {http://link.aps.org/doi/10.1103/PhysRevD.85.122006},
  publisher = {American Physical Society}
}

@article{Blackburn:2008ah,
      author         = "Blackburn, L and Cadonati, L and Caride, S and Caudill, S
                        and Chatterji, S and others",
      title          = "{The LSC Glitch Group: Monitoring Noise Transients during
                        the fifth LIGO Science Run}",
      journal        = "Class.Quant.Grav.",
      volume         = "25",
      pages          = "184004",
      doi            = "10.1088/0264-9381/25/18/184004",
      year           = "2008",
      eprint         = "0804.0800",
      archivePrefix  = "arXiv",
      reportNumber   = "LIGO-P080016-00",
      SLACcitation   = "%%CITATION = ARXIV:0804.0800;%%",
}

@phdthesis{ChadThesis,
     author = "Hanna, C.",
     title = "Searching for Gravitational Waves from Binary Systems in Non-Stationary Data",
     school = "Louisiana State University",
     year = "2008",
     url = "http://etd.lsu.edu/docs/available/etd-03272008-092832/"
}

@misc{LALSuite,
	howpublished = "\url{http://www.lsc-group.phys.uwm.edu/daswg/projects/lalsuite.html}\,"
}

@misc{RandomForest,
    howpublished = "\url{http://www.stat.berkeley.edu/~breiman/RandomForests/cc_home.htm}\,"
}

@article{scikit-learn,
 title={Scikit-learn: Machine Learning in {P}ython},
 author={Pedregosa, F. and others},
 journal={Journal of Machine Learning Research},
 issue_date = {2/1/2011},
 volume = {12},
 month = nov,
 year = {2011},
 issn = {1532-4435},
 pages = {2825--2830},
 numpages = {6},
 url = {http://dl.acm.org/citation.cfm?id=1953048.2078195},
 acmid = {2078195},
 publisher = {JMLR.org},
}

@article{LittenbergCornish:2009,
  title = {Bayesian approach to the detection problem in gravitational wave astronomy},
  author = {Littenberg, Tyson B. and Cornish, Neil J.},
  journal = {Phys. Rev. D},
  volume = {80},
  issue = {6},
  pages = {063007},
  numpages = {19},
  year = {2009},
  month = {Sep},
  doi = {10.1103/PhysRevD.80.063007},
  url = {http://link.aps.org/doi/10.1103/PhysRevD.80.063007},
  publisher = {American Physical Society}
}

@article{ihope,
  title = {Searching for gravitational waves from binary coalescence},
  author = {Babak, S. and others},
  journal = {Phys. Rev. D},
  volume = {87},
  issue = {2},
  pages = {024033},
  numpages = {18},
  year = {2013},
  month = {Jan},
  doi = {10.1103/PhysRevD.87.024033},
  url = {http://link.aps.org/doi/10.1103/PhysRevD.87.024033},
  publisher = {American Physical Society}
}

@ARTICLE{Finn:1992,
   author = {{Finn}, L.~S.},
    title = "{Detection, measurement, and gravitational radiation}",
  journal = {\prd},
   eprint = {arXiv:gr-qc/9209010},
 keywords = {Measurement and error theory, Black holes},
     year = 1992,
    month = dec,
   volume = 46,
    pages = {5236-5249},
      doi = {10.1103/PhysRevD.46.5236},
   adsurl = {http://adsabs.harvard.edu/abs/1992PhRvD..46.5236F},
  adsnote = {Provided by the SAO/NASA Astrophysics Data System}
}

@article{FinnChernoff:1993,
  title = {Observing binary inspiral in gravitational radiation: One interferometer},
  author = {Finn, Lee Samuel and Chernoff, David F.},
  journal = {Phys. Rev. D},
  volume = {47},
  issue = {6},
  pages = {2198--2219},
  year = {1993},
  month = {Mar},
  doi = {10.1103/PhysRevD.47.2198},
  url = {http://link.aps.org/doi/10.1103/PhysRevD.47.2198},
  publisher = {American Physical Society}
}

@article{Brown:2012gs,
      author         = "Brown, Duncan A. and Lundgren, Andrew and O'Shaughnessy,
                        R.",
      title          = "{Nonspinning searches for spinning binaries in
                        ground-based detector data: Amplitude and mismatch
                        predictions in the constant precession cone
                        approximation}",
      journal        = "Phys. Rev.",
      volume         = "D86",
      pages          = "064020",
      doi            = "10.1103/PhysRevD.86.064020",
      year           = "2012",
      eprint         = "1203.6060",
      archivePrefix  = "arXiv",
      reportNumber   = "LIGO-DCC-1200022",
      SLACcitation   = "%%CITATION = ARXIV:1203.6060;%%",
}

@article{Brown:2012qf,
      author         = "Brown, Duncan A. and Harry, Ian and Lundgren, Andrew and
                        Nitz, Alexander H.",
      title          = "{Detecting binary neutron star systems with spin in
                        advanced gravitational-wave detectors}",
      journal        = "Phys. Rev.",
      volume         = "D86",
      pages          = "084017",
      doi            = "10.1103/PhysRevD.86.084017",
      year           = "2012",
      eprint         = "1207.6406",
      archivePrefix  = "arXiv",
      reportNumber   = "LIGO-DOCUMENT-P1200082",
      SLACcitation   = "%%CITATION = ARXIV:1207.6406;%%",
}

@article{Ajith:2012mn,
      author         = "Ajith, P. and Fotopoulos, N. and Privitera, S. and
                        Neunzert, A. and Weinstein, A.J.",
      title          = "{An effectual template bank for the detection of
                        gravitational waves from inspiralling compact binaries
                        with generic spins}",
      year           = "2012",
      eprint         = "1210.6666",
      archivePrefix  = "arXiv",
      reportNumber   = "LIGO-P1200106-V2",
      SLACcitation   = "%%CITATION = ARXIV:1210.6666;%%",
}

@article{Harry:2013tca,
      author         = "Harry, I.W. and Nitz, A.H. and Brown, Duncan A. and
                        Lundgren, A. and Ochsner, Evan and others",
      title          = "{Investigating the effect of precession on searches for
                        neutron-star-black-hole binaries with Advanced LIGO}",
      year           = "2013",
      eprint         = "1307.3562",
      archivePrefix  = "arXiv",
      reportNumber   = "LIGO-P1300046, NSF-KITP-13-120",
      SLACcitation   = "%%CITATION = ARXIV:1307.3562;%%",
}

@article{Privitera:2013xza,
      author         = "Privitera, Stephen and Mohapatra, Satyanarayan R. P. and
                        Ajith, Parameswaran and Cannon, Kipp and Fotopoulos,
                        Nickolas and others",
      title          = "{Improving the sensitivity of a search for coalescing
                        binary black holes with non-precessing spins in
                        gravitational wave data}",
      journal        = "Phys.Rev.",
      volume         = "D89",
      pages          = "024003",
      doi            = "10.1103/PhysRevD.89.024003",
      year           = "2014",
      eprint         = "1310.5633",
      archivePrefix  = "arXiv",
      primaryClass   = "gr-qc",
      reportNumber   = "LIGO-DCC:-P1200132-V3",
      SLACcitation   = "%%CITATION = ARXIV:1310.5633;%%",
}

@book{Maggiore,
  title={Gravitational Waves: Volume 1: Theory and Experiments},
  author={Maggiore, Michele},
  volume={1},
  year={2007},
  publisher={Oxford university press}
}

@article{DalCanton:2013joa,
    author = "Dal Canton, T. and Bhagwat, S. and Dhurandhar, S.V. and Lundgren, A.",
    title = "{Effect of sine-Gaussian glitches on searches for binary coalescence}",
    journal = "Class.Quant.Grav.",
    volume         = "31",
    pages          = "015016",
    doi            = "10.1088/0264-9381/31/1/015016",
    year           = "2014",
    eprint         = "1304.0008",
    archivePrefix  = "arXiv",
    primaryClass   = "gr-qc",
    reportNumber   = "AEI-2013-193, LIGO-P1300016",
    SLACcitation   = "%%CITATION = ARXIV:1304.0008;%%",
}

@book{HastieTibshiraniFriedman,
    address = {New York, NY, USA},
    author = {Hastie, Trevor and Tibshirani, Robert and Friedman, Jerome},
    publisher = {Springer New York Inc.},
    series = {Springer Series in Statistics},
    title = {The Elements of Statistical Learning},
    year = {2008}
}

@phdthesis{ShourovThesis,
     author = "Chatterji, S.",
     title = "The search for gravitational wave bursts in data from the second LIGO science run",
     school = "Massachusetts Instititute of Technology",
     year = "1995",
     url = "https://gwic.ligo.org/thesisprize/2006/Chatterji_Thesis.pdf"
}

@article{S5BurstPaper,
  title = {Search for gravitational-wave bursts in the first year of the fifth LIGO science run},
	 author = {Abbott, B. P. and others},
  journal = {Phys. Rev. D},
  volume = {80},
  issue = {10},
  pages = {102001},
  numpages = {26},
  year = {2009},
  month = {Nov},
  publisher = {American Physical Society},
  doi = {10.1103/PhysRevD.80.102001},
  url = {http://link.aps.org/doi/10.1103/PhysRevD.80.102001}
}

@article{FawcettROC,
  title = {An introduction to \{ROC\} analysis },
  author = {Fawcett, T.},  
  journal = {Pattern Recognition Letters},
  volume = {27},
  number = {8},
  pages = {861 - 874},
  year = {2005},
  doi = {http://dx.doi.org/10.1016/j.patrec.2005.10.010},
  url = {http://www.sciencedirect.com/science/article/pii/S016786550500303X},
}

